@book{HMM_estiamation,
	author = 		"Robert J. Elliot i Lakhdar Aggoun i John B. Moore",
	title = 		"Hidden Markov Model Estimation and Control",
    year = 			"1995",
    publisher = 	"Springer Science+Business Media, LLC",	
}

@book{HMM_pattern,
	author = 		"Fink Gernot A.",
	title = 		"Markov Models for Pattern Recognition",
    year = 			"2014",
    publisher = 	"Springer London Ltd",
	
}

@book{HMM_AI,
	author = 		"Stuart J. Russell i Peter Norvig",
	title = 		"Artificial Intelligence A Modern Approach Third Edition",
    year = 			"2009",
    publisher = 	"Pearson",
    chapter = 		"Probabilistic reasoning over time"
}

@book{Akustyka,
	author = 	"Mikołaj Kirpluk",
	title = 	"Podstawy akustyki",
	chapter = 	"Fala dźwiękowa, Parametry akustyczne-definicje",
	URL = 		"http://ntlmkirpluk.republika.pl/M.Kirpluk\%20-\%20Podstawy\%20akustyki\%20-\%202014-09.pdf",
	adress = 	"Warszawa, listopad 2012"
}

@book{DSP,
	author = 	"Steven W. Smith",
	title =		"The Scientist and Engineer's Guide to Digital Signal Processing",
	year = 		"1997",
	publisher =	"California Technical Publishing",	
	chapter = 	"Applications of the DFT, Fourier Transform Properties, The Fast Fourier Transform, Continuous Signal Processing",
	ISBN = 		"0-9660176-3-3",
	URL = 		"http://www.dspguide.com/pdfbook.htm"
}

@book{sernn,
    author =       "Shiqing Zhang i Shilliang Zhang i Tiejun Huang i Wen Gao",
    title =        "Speech Emotion Recognition Using Deep Convolutional Neural Network and Discriminant Temporal Pyramid Matching",
    journal =      "IEEE Transactions on Multimedia",
    volume =       "PP",
    number =       "99",
    year =         "2017",
    month =			"10",
    day = 			"26",
    DOI =          "http://ieeexplore.ieee.org/document/8085174/",
    ISSN = 			"1941-0077"
}

@book{svn,
    author =      	"Thapanee Seehapoch i Sartra Wongthanavasu",
    title =        	"Speech Emotion Recognition using Support Vector Machines",
    journal =      	"Knowledge and Smart Technology (KST), 2013 5th International Conference on",
    year =         	"2013",
    month =			"5",
    DOI =       	"http://ieeexplore.ieee.org/document/6512793/",
    ISSN =			"978-1-4673-4853-9"	
}

@online{BDemo,
	author = 		"Prof. Dr. W. Sendlmeier i Felix Burkhardt i Miriam Kienast i Astrid Paeschke i Benjamin Weiss",
	title = 		"Berlin Database of Emotional Speech",
	institution = 	"Technical University Berlin, department of Technical Acoustics",
	type = 			"Baza danych",
	URL = 			"http://emodb.bilderbar.info/start.html"
}

@book{HMM_Wstep,
	author = 		"Piotr Wiktor Zwiernik",
	title = 		"Wstęp do ukrytych modeli Markowa i metody Bauma–Welcha",
	year = 			"2005",
	month = 		"1",
	url = 			"https://www.mimuw.edu.pl/\~pzwiernik/docs/hmm.pdf"
}

@book{statistic,
    author =       "Maria M. Suarez-Alvarez i Duc-Truong Pham i Mikhail Y. Prostov i Yuriy I. Prostov",
    title =        "Statistical approach to normalization of feature vectors and clustering of mixed datasets",
    journal =      "The Royal Society",
    year =         "2012",
    month =			"10",
    DOI =          "https://doi.org/10.1098/rspa.2011.0704",
    ISSN = 			"1364-5021"
}

@book{KNN_Wstep,
	author = 	 	"StatSoft, Inc. (2013)",
    title =        	"Electronic Statistics Textbook",
    institution = 	"Tulsa, OK: StatSof",
    URL =          	"http://www.statsoft.com/textbook/",
	chapter = 		"k-Nearest Neighbors"
}

@online{Waveform,
	title = 	"AC Circuits ",
	URL = 		"https://www.electronics-tutorials.ws/accircuits/ac-waveform.html"
}

@online{emo_api_speech,
	auhor = "Affectiva",
	title = "Emotion API for Speech",
	URL = "https://www.affectiva.com/product/emotion-api-speech/"
}

@online{sklearn,
	title = "Sklearn documentation",
	URL = "http://scikit-learn.org/stable/"
}
